@misc{exampleEntry,
  author       = {Max Musterman},
  title        = {example book},
  howpublished = {\url{example.com}},
  note         = {this is an example}
}